%% This BibTeX bibliography file was created using BibDesk.
%% http://bibdesk.sourceforge.net/

@misc{karras2020training,
      title={Training Generative Adversarial Networks with Limited Data},
      author={Tero Karras and Miika Aittala and Janne Hellsten and Samuli Laine and Jaakko Lehtinen and Timo Aila},
      year={2020},
      eprint={2006.06676},
      archivePrefix={arXiv},
      primaryClass={cs.CV}
}
@misc{karras2019stylebased,
      title={A Style-Based Generator Architecture for Generative Adversarial Networks},
      author={Tero Karras and Samuli Laine and Timo Aila},
      year={2019},
      eprint={1812.04948},
      archivePrefix={arXiv},
      primaryClass={cs.NE}
}

@article{Chu_2020,
   title={Learning temporal coherence via self-supervision for GAN-based video generation},
   volume={39},
   ISSN={1557-7368},
   url={http://dx.doi.org/10.1145/3386569.3392457},
   DOI={10.1145/3386569.3392457},
   number={4},
   journal={ACM Transactions on Graphics},
   publisher={Association for Computing Machinery (ACM)},
   author={Chu, Mengyu and Xie, You and Mayer, Jonas and Leal-Taixé, Laura and Thuerey, Nils},
   year={2020},
   month={Jul}
}

@misc{kupyn2018deblurgan,
      title={DeblurGAN: Blind Motion Deblurring Using Conditional Adversarial Networks},
      author={Orest Kupyn and Volodymyr Budzan and Mykola Mykhailych and Dmytro Mishkin and Jiri Matas},
      year={2018},
      eprint={1711.07064},
      archivePrefix={arXiv},
      primaryClass={cs.CV}
}

@misc{brock2019large,
      title={Large Scale GAN Training for High Fidelity Natural Image Synthesis},
      author={Andrew Brock and Jeff Donahue and Karen Simonyan},
      year={2019},
      eprint={1809.11096},
      archivePrefix={arXiv},
      primaryClass={cs.LG}
}

@misc{isola2018imagetoimage,
      title={Image-to-Image Translation with Conditional Adversarial Networks},
      author={Phillip Isola and Jun-Yan Zhu and Tinghui Zhou and Alexei A. Efros},
      year={2018},
      eprint={1611.07004},
      archivePrefix={arXiv},
      primaryClass={cs.CV}
}

@misc{zhu2020unpaired,
      title={Unpaired Image-to-Image Translation using Cycle-Consistent Adversarial Networks},
      author={Jun-Yan Zhu and Taesung Park and Phillip Isola and Alexei A. Efros},
      year={2020},
      eprint={1703.10593},
      archivePrefix={arXiv},
      primaryClass={cs.CV}
}

@misc{wang2018highresolution,
      title={High-Resolution Image Synthesis and Semantic Manipulation with Conditional GANs},
      author={Ting-Chun Wang and Ming-Yu Liu and Jun-Yan Zhu and Andrew Tao and Jan Kautz and Bryan Catanzaro},
      year={2018},
      eprint={1711.11585},
      archivePrefix={arXiv},
      primaryClass={cs.CV}
}

@misc{park2019semantic,
      title={Semantic Image Synthesis with Spatially-Adaptive Normalization},
      author={Taesung Park and Ming-Yu Liu and Ting-Chun Wang and Jun-Yan Zhu},
      year={2019},
      eprint={1903.07291},
      archivePrefix={arXiv},
      primaryClass={cs.CV}
}

@misc{choi2020stargan,
      title={StarGAN v2: Diverse Image Synthesis for Multiple Domains},
      author={Yunjey Choi and Youngjung Uh and Jaejun Yoo and Jung-Woo Ha},
      year={2020},
      eprint={1912.01865},
      archivePrefix={arXiv},
      primaryClass={cs.CV}
}

@misc{oord2016wavenet,
      title={WaveNet: A Generative Model for Raw Audio},
      author={Aaron van den Oord and Sander Dieleman and Heiga Zen and Karen Simonyan and Oriol Vinyals and Alex Graves and Nal Kalchbrenner and Andrew Senior and Koray Kavukcuoglu},
      year={2016},
      eprint={1609.03499},
      archivePrefix={arXiv},
      primaryClass={cs.SD}
}

@misc{hafner2020dream,
      title={Dream to Control: Learning Behaviors by Latent Imagination},
      author={Danijar Hafner and Timothy Lillicrap and Jimmy Ba and Mohammad Norouzi},
      year={2020},
      eprint={1912.01603},
      archivePrefix={arXiv},
      primaryClass={cs.LG}
}

@misc{kim2020learning,
      title={Learning to Simulate Dynamic Environments with GameGAN},
      author={Seung Wook Kim and Yuhao Zhou and Jonah Philion and Antonio Torralba and Sanja Fidler},
      year={2020},
      eprint={2005.12126},
      archivePrefix={arXiv},
      primaryClass={cs.CV}
}

@misc{goodfellow2014generative,
      title={Generative Adversarial Networks},
      author={Ian J. Goodfellow and Jean Pouget-Abadie and Mehdi Mirza and Bing Xu and David Warde-Farley and Sherjil Ozair and Aaron Courville and Yoshua Bengio},
      year={2014},
      eprint={1406.2661},
      archivePrefix={arXiv},
      primaryClass={stat.ML}
}

@misc{theis2016note,
      title={A note on the evaluation of generative models},
      author={Lucas Theis and Aäron van den Oord and Matthias Bethge},
      year={2016},
      eprint={1511.01844},
      archivePrefix={arXiv},
      primaryClass={stat.ML}
}

@misc{heusel2018gans,
      title={GANs Trained by a Two Time-Scale Update Rule Converge to a Local Nash Equilibrium},
      author={Martin Heusel and Hubert Ramsauer and Thomas Unterthiner and Bernhard Nessler and Sepp Hochreiter},
      year={2018},
      eprint={1706.08500},
      archivePrefix={arXiv},
      primaryClass={cs.LG}
}

@misc{salimans2016improved,
      title={Improved Techniques for Training GANs},
      author={Tim Salimans and Ian Goodfellow and Wojciech Zaremba and Vicki Cheung and Alec Radford and Xi Chen},
      year={2016},
      eprint={1606.03498},
      archivePrefix={arXiv},
      primaryClass={cs.LG}
}

@misc{kynkäänniemi2019improved,
      title={Improved Precision and Recall Metric for Assessing Generative Models},
      author={Tuomas Kynkäänniemi and Tero Karras and Samuli Laine and Jaakko Lehtinen and Timo Aila},
      year={2019},
      eprint={1904.06991},
      archivePrefix={arXiv},
      primaryClass={stat.ML}
}

@misc{dhariwal2020jukebox,
      title={Jukebox: A Generative Model for Music},
      author={Prafulla Dhariwal and Heewoo Jun and Christine Payne and Jong Wook Kim and Alec Radford and Ilya Sutskever},
      year={2020},
      eprint={2005.00341},
      archivePrefix={arXiv},
      primaryClass={eess.AS}
}

@misc{shen2018natural,
      title={Natural TTS Synthesis by Conditioning WaveNet on Mel Spectrogram Predictions},
      author={Jonathan Shen and Ruoming Pang and Ron J. Weiss and Mike Schuster and Navdeep Jaitly and Zongheng Yang and Zhifeng Chen and Yu Zhang and Yuxuan Wang and RJ Skerry-Ryan and Rif A. Saurous and Yannis Agiomyrgiannakis and Yonghui Wu},
      year={2018},
      eprint={1712.05884},
      archivePrefix={arXiv},
      primaryClass={cs.CL}
}

@misc{brown2020language,
      title={Language Models are Few-Shot Learners},
      author={Tom B. Brown and Benjamin Mann and Nick Ryder and Melanie Subbiah and Jared Kaplan and Prafulla Dhariwal and Arvind Neelakantan and Pranav Shyam and Girish Sastry and Amanda Askell and Sandhini Agarwal and Ariel Herbert-Voss and Gretchen Krueger and Tom Henighan and Rewon Child and Aditya Ramesh and Daniel M. Ziegler and Jeffrey Wu and Clemens Winter and Christopher Hesse and Mark Chen and Eric Sigler and Mateusz Litwin and Scott Gray and Benjamin Chess and Jack Clark and Christopher Berner and Sam McCandlish and Alec Radford and Ilya Sutskever and Dario Amodei},
      year={2020},
      eprint={2005.14165},
      archivePrefix={arXiv},
      primaryClass={cs.CL}
}

@InProceedings{Zhao_2020_CVPR,
author = {Zhao, Lei and Mo, Qihang and Lin, Sihuan and Wang, Zhizhong and Zuo, Zhiwen and Chen, Haibo and Xing, Wei and Lu, Dongming},
title = {UCTGAN: Diverse Image Inpainting Based on Unsupervised Cross-Space Translation},
booktitle = {Proceedings of the IEEE/CVF Conference on Computer Vision and Pattern Recognition (CVPR)},
month = {June},
year = {2020}
}

@misc{donahue2019large,
      title={Large Scale Adversarial Representation Learning},
      author={Jeff Donahue and Karen Simonyan},
      year={2019},
      eprint={1907.02544},
      archivePrefix={arXiv},
      primaryClass={cs.CV}
}
@misc{karras2018progressive,
      title={Progressive Growing of GANs for Improved Quality, Stability, and Variation},
      author={Tero Karras and Timo Aila and Samuli Laine and Jaakko Lehtinen},
      year={2018},
      eprint={1710.10196},
      archivePrefix={arXiv},
      primaryClass={cs.NE}
}
@article{hudson2021generative,
  title={Generative Adversarial Transformers},
  author={Hudson, Drew A and Zitnick, C Lawrence},
  journal={arXiv preprint arXiv:2103.01209},
  year={2021}
}


@article{saharia2021palette, title={Palette: Image-to-image diffusion models},
  author={Saharia, Chitwan and Chan, William and Chang, Huiwen and Lee, Chris A and Ho, Jonathan and Salimans, Tim and Fleet, David J and Norouzi, Mohammad},
  journal={arXiv preprint arXiv:2111.05826},
  year={2021}
}

@article{nichol2021glide,
  title={Glide: Towards photorealistic image generation and editing with text-guided diffusion models},
  author={Nichol, Alex and Dhariwal, Prafulla and Ramesh, Aditya and Shyam, Pranav and Mishkin, Pamela and McGrew, Bob and Sutskever, Ilya and Chen, Mark},
  journal={arXiv preprint arXiv:2112.10741},
  year={2021}
}

@article{sauer2022stylegan,
  title={StyleGAN-XL: Scaling StyleGAN to Large Diverse Datasets},
  author={Sauer, Axel and Schwarz, Katja and Geiger, Andreas},
  journal={arXiv preprint arXiv:2202.00273},
  year={2022}
}

